@misc{hooks1,
  author = {Matthew Hudson},
  title = {{Git Hooks}},
  howpublished = "\url{https://githooks.com/}",
  year = {unknown}
}

@misc{hooks2,
  author = {Atlassian},
  title = {{Git Hooks Tutorial}},
  howpublished = "\url{https://www.atlassian.com/git/tutorials/git-hooks}",
  year = {unknown}
}